<collection xmlns="http://www.loc.gov/MARC21/slim">
<record>
  <leader>01570nam0a22002891i 450 </leader>
  <controlfield tag="001">IT\ICCU\CNCE\054662</controlfield>
  <controlfield tag="005">20140410000000.0</controlfield>
  <datafield tag="012" ind1=" " ind2=" ">
    <subfield code="a">erve emi- c-ua tina (3) 1593 (A)</subfield>
    <subfield code="2">fei</subfield>
  </datafield>
  <datafield tag="100" ind1=" " ind2=" ">
    <subfield code="a">20031105d1593        0itac0103    ba</subfield>
  </datafield>
  <datafield tag="101" ind1=" " ind2=" ">
    <subfield code="a">ITA</subfield>
  </datafield>
  <datafield tag="102" ind1=" " ind2=" ">
    <subfield code="a">IT</subfield>
  </datafield>
  <datafield tag="200" ind1="1" ind2=" ">
    <subfield code="a">Libro de le indulgentie et gratie spirituali concesse da la Santa Sede apostolica a la compagnia de&apos; Centurati di S. Agostino, vnita insieme con la Arciconfraternita de la B. Vergine de la Consolatione di Bologna. Stampato a requisitione de&apos; presidenti de la compagnia celebrata ne la chiesa di Santa Lucia di Vdine, de&apos; reuerendi padri de l&apos;ordine di Santo Agostino</subfield>
  </datafield>
  <datafield tag="210" ind1=" " ind2=" ">
    <subfield code="a">In Vdine</subfield>
    <subfield code="c">da Gio. Battista Natolini</subfield>
    <subfield code="d">1593</subfield>
  </datafield>
  <datafield tag="215" ind1=" " ind2=" ">
    <subfield code="a">126 c.</subfield>
    <subfield code="c">ill.</subfield>
    <subfield code="d">8ʻ</subfield>
  </datafield>
  <datafield tag="620" ind1=" " ind2=" ">
    <subfield code="a">IT</subfield>
    <subfield code="d">Udine</subfield>
  </datafield>
  <datafield tag="710" ind1="0" ind2="2">
    <subfield code="a">Santa Sede</subfield>
    <subfield code="3">6940</subfield>
  </datafield>
  <datafield tag="712" ind1="0" ind2="0">
    <subfield code="a">Natolini, Giovanni Battista</subfield>
    <subfield code="3">IT\ICCU\CNCT\000645</subfield>
    <subfield code="4">650</subfield>
  </datafield>
  <datafield tag="791" ind1="0" ind2="2">
    <subfield code="a">Santa Sede Apostolica</subfield>
    <subfield code="3">25197</subfield>
    <subfield code="z">Santa Sede</subfield>
  </datafield>
  <datafield tag="791" ind1="0" ind2="2">
    <subfield code="a">Sedes Apostolica</subfield>
    <subfield code="3">25198</subfield>
    <subfield code="z">Santa Sede</subfield>
  </datafield>
  <datafield tag="791" ind1="0" ind2="2">
    <subfield code="a">Sede Romana</subfield>
    <subfield code="3">25199</subfield>
    <subfield code="z">Santa Sede</subfield>
  </datafield>
  <datafield tag="791" ind1="0" ind2="2">
    <subfield code="a">℗Al segno dell&apos;℗Esperienza</subfield>
    <subfield code="3">IT\ICCU\CNCT\002192</subfield>
    <subfield code="z">Natolini, Giovanni Battista</subfield>
  </datafield>
  <datafield tag="791" ind1="0" ind2="0">
    <subfield code="a">Natolinus, Ioannes Baptista</subfield>
    <subfield code="3">IT\ICCU\CNCT\005106</subfield>
    <subfield code="z">Natolini, Giovanni Battista</subfield>
  </datafield>
  <datafield tag="791" ind1="0" ind2="0">
    <subfield code="a">Natolino, Giovanbattista</subfield>
    <subfield code="3">IT\ICCU\CNCT\005107</subfield>
    <subfield code="z">Natolini, Giovanni Battista</subfield>
  </datafield>
  <datafield tag="801" ind1=" " ind2="3">
    <subfield code="a">IT</subfield>
    <subfield code="b">ICCU</subfield>
    <subfield code="c">20201115</subfield>
  </datafield>
  <datafield tag="899" ind1=" " ind2=" ">
    <subfield code="a">Biblioteca del Seminario diocesano di Concordia-Pordenone. Pordenone</subfield>
    <subfield code="1">PN0052</subfield>
    <subfield code="2">TSA SC</subfield>
  </datafield>
  <datafield tag="899" ind1=" " ind2=" ">
    <subfield code="a">Biblioteca civica Vincenzo Joppi. Udine</subfield>
    <subfield code="1">UD0106</subfield>
    <subfield code="2">FVG 12</subfield>
  </datafield>
  <datafield tag="899" ind1=" " ind2=" ">
    <subfield code="a">Biblioteca P. Bertolla del Seminario arcivescovile. Udine</subfield>
    <subfield code="1">UD0123</subfield>
    <subfield code="2">ZUD 06</subfield>
  </datafield>
</record>
</collection>
